%YAML 1.1
%TAG !u! tag:unity3d.com,2011:
--- !u!1 &265512539289379849
GameObject:
  m_ObjectHideFlags: 0
  m_CorrespondingSourceObject: {fileID: 0}
  m_PrefabInstance: {fileID: 0}
  m_PrefabAsset: {fileID: 0}
  serializedVersion: 6
  m_Component:
  - component: {fileID: 8557264027102445614}
  - component: {fileID: 2426533886984789670}
  - component: {fileID: 4252540519196545708}
  m_Layer: 5
  m_Name: Health bar
  m_TagString: Untagged
  m_Icon: {fileID: 0}
  m_NavMeshLayer: 0
  m_StaticEditorFlags: 0
  m_IsActive: 1
--- !u!224 &8557264027102445614
RectTransform:
  m_ObjectHideFlags: 0
  m_CorrespondingSourceObject: {fileID: 0}
  m_PrefabInstance: {fileID: 0}
  m_PrefabAsset: {fileID: 0}
  m_GameObject: {fileID: 265512539289379849}
  m_LocalRotation: {x: 0, y: 0, z: 0, w: 1}
  m_LocalPosition: {x: 0, y: 0, z: 0}
  m_LocalScale: {x: 0.005, y: 0.003, z: 1}
  m_Children:
  - {fileID: 5398324685403895664}
  - {fileID: 3903240427719972472}
  m_Father: {fileID: 7873866782632843948}
  m_RootOrder: 0
  m_LocalEulerAnglesHint: {x: 0, y: 0, z: 0}
  m_AnchorMin: {x: 0.5, y: 0.5}
  m_AnchorMax: {x: 0.5, y: 0.5}
  m_AnchoredPosition: {x: -0.00000011921, y: 0}
  m_SizeDelta: {x: 319.66, y: 50.88}
  m_Pivot: {x: 0.5, y: 0.5}
--- !u!114 &2426533886984789670
MonoBehaviour:
  m_ObjectHideFlags: 0
  m_CorrespondingSourceObject: {fileID: 0}
  m_PrefabInstance: {fileID: 0}
  m_PrefabAsset: {fileID: 0}
  m_GameObject: {fileID: 265512539289379849}
  m_Enabled: 1
  m_EditorHideFlags: 0
  m_Script: {fileID: 11500000, guid: 67db9e8f0e2ae9c40bc1e2b64352a6b4, type: 3}
  m_Name: 
  m_EditorClassIdentifier: 
  m_Navigation:
    m_Mode: 0
    m_WrapAround: 0
    m_SelectOnUp: {fileID: 0}
    m_SelectOnDown: {fileID: 0}
    m_SelectOnLeft: {fileID: 0}
    m_SelectOnRight: {fileID: 0}
  m_Transition: 0
  m_Colors:
    m_NormalColor: {r: 1, g: 1, b: 1, a: 1}
    m_HighlightedColor: {r: 0.9607843, g: 0.9607843, b: 0.9607843, a: 1}
    m_PressedColor: {r: 0.78431374, g: 0.78431374, b: 0.78431374, a: 1}
    m_SelectedColor: {r: 0.9607843, g: 0.9607843, b: 0.9607843, a: 1}
    m_DisabledColor: {r: 0.78431374, g: 0.78431374, b: 0.78431374, a: 0.5019608}
    m_ColorMultiplier: 1
    m_FadeDuration: 0.1
  m_SpriteState:
    m_HighlightedSprite: {fileID: 0}
    m_PressedSprite: {fileID: 0}
    m_SelectedSprite: {fileID: 0}
    m_DisabledSprite: {fileID: 0}
  m_AnimationTriggers:
    m_NormalTrigger: Normal
    m_HighlightedTrigger: Highlighted
    m_PressedTrigger: Pressed
    m_SelectedTrigger: Selected
    m_DisabledTrigger: Disabled
  m_Interactable: 0
  m_TargetGraphic: {fileID: 0}
  m_FillRect: {fileID: 5398324685403895664}
  m_HandleRect: {fileID: 0}
  m_Direction: 0
  m_MinValue: 0
  m_MaxValue: 4
  m_WholeNumbers: 0
  m_Value: 4
  m_OnValueChanged:
    m_PersistentCalls:
      m_Calls: []
--- !u!114 &4252540519196545708
MonoBehaviour:
  m_ObjectHideFlags: 0
  m_CorrespondingSourceObject: {fileID: 0}
  m_PrefabInstance: {fileID: 0}
  m_PrefabAsset: {fileID: 0}
  m_GameObject: {fileID: 265512539289379849}
  m_Enabled: 1
  m_EditorHideFlags: 0
  m_Script: {fileID: 11500000, guid: c30753f69b290d64e98640158f268eac, type: 3}
  m_Name: 
  m_EditorClassIdentifier: 
  slider: {fileID: 2426533886984789670}
  gradient:
    serializedVersion: 2
    key0: {r: 0.93725497, g: 0.050980397, b: 0.10980393, a: 1}
    key1: {r: 1, g: 0.970791, b: 0.24056602, a: 1}
    key2: {r: 0.1273585, g: 1, b: 0.14740907, a: 0}
    key3: {r: 0, g: 0, b: 0, a: 0}
    key4: {r: 0, g: 0, b: 0, a: 0}
    key5: {r: 0, g: 0, b: 0, a: 0}
    key6: {r: 0, g: 0, b: 0, a: 0}
    key7: {r: 0, g: 0, b: 0, a: 0}
    ctime0: 20624
    ctime1: 40092
    ctime2: 65535
    ctime3: 0
    ctime4: 0
    ctime5: 0
    ctime6: 0
    ctime7: 0
    atime0: 0
    atime1: 65535
    atime2: 0
    atime3: 0
    atime4: 0
    atime5: 0
    atime6: 0
    atime7: 0
    m_Mode: 1
    m_NumColorKeys: 3
    m_NumAlphaKeys: 2
  fill: {fileID: 2219013158564705067}
--- !u!1 &1674789726036997407
GameObject:
  m_ObjectHideFlags: 0
  m_CorrespondingSourceObject: {fileID: 0}
  m_PrefabInstance: {fileID: 0}
  m_PrefabAsset: {fileID: 0}
  serializedVersion: 6
  m_Component:
  - component: {fileID: 3149330703248101583}
  m_Layer: 0
  m_Name: obstacleCheck
  m_TagString: Untagged
  m_Icon: {fileID: 0}
  m_NavMeshLayer: 0
  m_StaticEditorFlags: 0
  m_IsActive: 1
--- !u!4 &3149330703248101583
Transform:
  m_ObjectHideFlags: 0
  m_CorrespondingSourceObject: {fileID: 0}
  m_PrefabInstance: {fileID: 0}
  m_PrefabAsset: {fileID: 0}
  m_GameObject: {fileID: 1674789726036997407}
  m_LocalRotation: {x: 0, y: 0, z: 0, w: 1}
  m_LocalPosition: {x: 4.47, y: -2.28, z: 0}
  m_LocalScale: {x: 1, y: 1, z: 1}
  m_Children: []
  m_Father: {fileID: 1820095794027870538}
  m_RootOrder: 0
  m_LocalEulerAnglesHint: {x: 0, y: 0, z: 0}
--- !u!1 &1820095794027870541
GameObject:
  m_ObjectHideFlags: 0
  m_CorrespondingSourceObject: {fileID: 0}
  m_PrefabInstance: {fileID: 0}
  m_PrefabAsset: {fileID: 0}
  serializedVersion: 6
  m_Component:
  - component: {fileID: 1820095794027870538}
  - component: {fileID: 1820095794027870537}
  - component: {fileID: 1820095794027870536}
  - component: {fileID: 1820095794027870543}
  - component: {fileID: 1820095794027870542}
  - component: {fileID: 1649884240698458006}
  - component: {fileID: 8293291460156334956}
  - component: {fileID: 3684170773620625343}
  m_Layer: 0
  m_Name: sen
  m_TagString: Enemy
  m_Icon: {fileID: 0}
  m_NavMeshLayer: 0
  m_StaticEditorFlags: 0
  m_IsActive: 1
--- !u!4 &1820095794027870538
Transform:
  m_ObjectHideFlags: 0
  m_CorrespondingSourceObject: {fileID: 0}
  m_PrefabInstance: {fileID: 0}
  m_PrefabAsset: {fileID: 0}
  m_GameObject: {fileID: 1820095794027870541}
  m_LocalRotation: {x: 0, y: 0, z: 0, w: 1}
  m_LocalPosition: {x: 13, y: -2.21, z: 0}
  m_LocalScale: {x: 0.2, y: 0.2, z: 1}
  m_Children:
  - {fileID: 3149330703248101583}
  - {fileID: 7873866782632843948}
  m_Father: {fileID: 0}
  m_RootOrder: 0
  m_LocalEulerAnglesHint: {x: 0, y: 0, z: 0}
--- !u!114 &1820095794027870537
MonoBehaviour:
  m_ObjectHideFlags: 0
  m_CorrespondingSourceObject: {fileID: 0}
  m_PrefabInstance: {fileID: 0}
  m_PrefabAsset: {fileID: 0}
  m_GameObject: {fileID: 1820095794027870541}
  m_Enabled: 1
  m_EditorHideFlags: 0
  m_Script: {fileID: 11500000, guid: 3c2e3526a6bdd2c42bd7de623bb33d10, type: 3}
  m_Name: 
  m_EditorClassIdentifier: 
  obstacleDetect: {fileID: 3149330703248101583}
  groundLayer:
    serializedVersion: 2
    m_Bits: 64
  animator: {fileID: 3684170773620625343}
--- !u!114 &1820095794027870536
MonoBehaviour:
  m_ObjectHideFlags: 0
  m_CorrespondingSourceObject: {fileID: 0}
  m_PrefabInstance: {fileID: 0}
  m_PrefabAsset: {fileID: 0}
  m_GameObject: {fileID: 1820095794027870541}
  m_Enabled: 1
  m_EditorHideFlags: 0
  m_Script: {fileID: 11500000, guid: 8db1a6e06ac933340b3e71e09e0b0e4a, type: 3}
  m_Name: 
  m_EditorClassIdentifier: 
  HP: 70
  gold: 0
  despawnEffect: {fileID: 0}
  article: {fileID: 0}
  healthBar: {fileID: 4252540519196545708}
--- !u!114 &1820095794027870543
MonoBehaviour:
  m_ObjectHideFlags: 0
  m_CorrespondingSourceObject: {fileID: 0}
  m_PrefabInstance: {fileID: 0}
  m_PrefabAsset: {fileID: 0}
  m_GameObject: {fileID: 1820095794027870541}
  m_Enabled: 1
  m_EditorHideFlags: 0
  m_Script: {fileID: 11500000, guid: 4e184ac67b067744981a9b96d2d075db, type: 3}
  m_Name: 
  m_EditorClassIdentifier: 
--- !u!212 &1820095794027870542
SpriteRenderer:
  m_ObjectHideFlags: 0
  m_CorrespondingSourceObject: {fileID: 0}
  m_PrefabInstance: {fileID: 0}
  m_PrefabAsset: {fileID: 0}
  m_GameObject: {fileID: 1820095794027870541}
  m_Enabled: 1
  m_CastShadows: 0
  m_ReceiveShadows: 0
  m_DynamicOccludee: 1
  m_MotionVectors: 1
  m_LightProbeUsage: 1
  m_ReflectionProbeUsage: 1
  m_RayTracingMode: 0
  m_RayTraceProcedural: 0
  m_RenderingLayerMask: 1
  m_RendererPriority: 0
  m_Materials:
  - {fileID: 10754, guid: 0000000000000000f000000000000000, type: 0}
  m_StaticBatchInfo:
    firstSubMesh: 0
    subMeshCount: 0
  m_StaticBatchRoot: {fileID: 0}
  m_ProbeAnchor: {fileID: 0}
  m_LightProbeVolumeOverride: {fileID: 0}
  m_ScaleInLightmap: 1
  m_ReceiveGI: 1
  m_PreserveUVs: 0
  m_IgnoreNormalsForChartDetection: 0
  m_ImportantGI: 0
  m_StitchLightmapSeams: 1
  m_SelectedEditorRenderState: 0
  m_MinimumChartSize: 4
  m_AutoUVMaxDistance: 0.5
  m_AutoUVMaxAngle: 89
  m_LightmapParameters: {fileID: 0}
  m_SortingLayerID: 0
  m_SortingLayer: 0
  m_SortingOrder: 0
  m_Sprite: {fileID: 21300000, guid: 2082ee941599c9742ab3ad86f946f082, type: 3}
  m_Color: {r: 0.653198, g: 0.6854321, b: 0.9528302, a: 1}
  m_FlipX: 0
  m_FlipY: 0
  m_DrawMode: 0
  m_Size: {x: 10.85, y: 6.09}
  m_AdaptiveModeThreshold: 0.5
  m_SpriteTileMode: 0
  m_WasSpriteAssigned: 1
  m_MaskInteraction: 0
  m_SpriteSortPoint: 0
--- !u!60 &1649884240698458006
PolygonCollider2D:
  m_ObjectHideFlags: 0
  m_CorrespondingSourceObject: {fileID: 0}
  m_PrefabInstance: {fileID: 0}
  m_PrefabAsset: {fileID: 0}
  m_GameObject: {fileID: 1820095794027870541}
  m_Enabled: 1
  m_Density: 1
  m_Material: {fileID: 0}
  m_IsTrigger: 0
  m_UsedByEffector: 0
  m_UsedByComposite: 0
  m_Offset: {x: 0, y: 0}
  m_SpriteTilingProperty:
    border: {x: 0, y: 0, z: 0, w: 0}
    pivot: {x: 0.5, y: 0.5}
    oldSize: {x: 10.85, y: 6.09}
    newSize: {x: 10.85, y: 6.09}
    adaptiveTilingThreshold: 0.5
    drawMode: 0
    adaptiveTiling: 0
  m_AutoTiling: 0
  m_Points:
    m_Paths:
    - - {x: 2.565, y: -2.5549998}
      - {x: 2.455, y: -2.445}
      - {x: 2.355, y: -2.385}
      - {x: 2.365, y: -2.245}
      - {x: 2.185, y: -2.055}
      - {x: 2.235, y: -1.895}
      - {x: 2.2649999, y: -1.775}
      - {x: 2.2749999, y: -1.5649999}
      - {x: 2.225, y: -1.395}
      - {x: 2.085, y: -1.1949999}
      - {x: 2.095, y: -1.125}
      - {x: 2.095, y: -0.885}
      - {x: 2.0349998, y: -0.755}
      - {x: 2.085, y: -0.615}
      - {x: 2.135, y: -0.705}
      - {x: 2.205, y: -0.695}
      - {x: 2.405, y: -0.545}
      - {x: 2.5049999, y: -0.415}
      - {x: 2.485, y: -0.295}
      - {x: 2.455, y: -0.185}
      - {x: 2.195, y: 0.114999995}
      - {x: 2.105, y: 0.145}
      - {x: 1.8449999, y: 0.13499999}
      - {x: 1.775, y: 0.095}
      - {x: 1.605, y: -0.055}
      - {x: 1.505, y: -0.065}
      - {x: 1.375, y: -0.035}
      - {x: 1.525, y: 0.205}
      - {x: 1.5849999, y: 0.355}
      - {x: 1.655, y: 0.635}
      - {x: 1.7049999, y: 0.92499995}
      - {x: 1.7049999, y: 1.435}
      - {x: 1.675, y: 1.675}
      - {x: 1.615, y: 1.8149999}
      - {x: 1.545, y: 1.9449999}
      - {x: 1.5649999, y: 2.305}
      - {x: 1.515, y: 2.495}
      - {x: 1.375, y: 2.665}
      - {x: 1.265, y: 2.705}
      - {x: 0.895, y: 2.705}
      - {x: 0.53499997, y: 2.7649999}
      - {x: 0.49499997, y: 2.7749999}
      - {x: -0.005, y: 2.7749999}
      - {x: -0.195, y: 2.7649999}
      - {x: -0.385, y: 2.715}
      - {x: -0.705, y: 2.625}
      - {x: -1.045, y: 2.455}
      - {x: -1.345, y: 2.205}
      - {x: -1.425, y: 2.245}
      - {x: -1.5749999, y: 2.245}
      - {x: -1.7249999, y: 2.115}
      - {x: -1.775, y: 2.055}
      - {x: -1.8249999, y: 1.885}
      - {x: -1.8549999, y: 1.605}
      - {x: -1.935, y: 1.475}
      - {x: -2.0349998, y: 1.395}
      - {x: -2.075, y: 1.365}
      - {x: -2.105, y: 1.245}
      - {x: -2.165, y: 1.3149999}
      - {x: -2.385, y: 1.3249999}
      - {x: -2.565, y: 1.155}
      - {x: -2.585, y: 1.095}
      - {x: -2.585, y: 1.0749999}
      - {x: -2.5249999, y: 1.005}
      - {x: -2.585, y: 0.85499996}
      - {x: -2.585, y: 0.745}
      - {x: -2.5149999, y: 0.675}
      - {x: -2.475, y: 0.555}
      - {x: -2.315, y: 0.475}
      - {x: -2.225, y: 0.635}
      - {x: -2.165, y: 0.615}
      - {x: -2.225, y: 0.48499998}
      - {x: -2.2849998, y: 0.305}
      - {x: -2.2749999, y: 0.125}
      - {x: -2.225, y: 0.055}
      - {x: -2.095, y: -0.065}
      - {x: -2.235, y: -0.13499999}
      - {x: -2.2649999, y: -0.074999996}
      - {x: -2.445, y: -0.185}
      - {x: -2.5449998, y: -0.39499998}
      - {x: -2.5249999, y: -0.60499996}
      - {x: -2.5049999, y: -0.685}
      - {x: -2.405, y: -0.875}
      - {x: -2.355, y: -1.125}
      - {x: -2.305, y: -1.265}
      - {x: -2.185, y: -1.5649999}
      - {x: -2.115, y: -1.675}
      - {x: -2.0149999, y: -1.8449999}
      - {x: -1.8449999, y: -2.085}
      - {x: -1.8549999, y: -2.345}
      - {x: -1.865, y: -2.5249999}
      - {x: -1.8549999, y: -2.5549998}
      - {x: -1.7249999, y: -2.645}
      - {x: -1.615, y: -2.675}
      - {x: -1.3349999, y: -2.685}
      - {x: -1.0849999, y: -2.645}
      - {x: -0.745, y: -2.5549998}
      - {x: -0.405, y: -2.565}
      - {x: -0.035, y: -2.625}
      - {x: 0.345, y: -2.695}
      - {x: 1.415, y: -2.695}
      - {x: 1.425, y: -2.715}
      - {x: 1.4649999, y: -2.7549999}
      - {x: 2.205, y: -2.7549999}
      - {x: 2.2549999, y: -2.695}
      - {x: 2.5549998, y: -2.715}
      - {x: 2.565, y: -2.675}
    - - {x: 1.8249999, y: -0.505}
      - {x: 1.775, y: -0.475}
      - {x: 1.7149999, y: -0.45499998}
      - {x: 1.755, y: -0.39499998}
      - {x: 1.745, y: -0.39499998}
      - {x: 1.775, y: -0.42499998}
      - {x: 1.775, y: -0.435}
      - {x: 1.8249999, y: -0.48499998}
      - {x: 1.865, y: -0.49499997}
      - {x: 1.865, y: -0.53499997}
      - {x: 1.8449999, y: -0.525}
--- !u!50 &8293291460156334956
Rigidbody2D:
  serializedVersion: 4
  m_ObjectHideFlags: 0
  m_CorrespondingSourceObject: {fileID: 0}
  m_PrefabInstance: {fileID: 0}
  m_PrefabAsset: {fileID: 0}
  m_GameObject: {fileID: 1820095794027870541}
  m_BodyType: 0
  m_Simulated: 1
  m_UseFullKinematicContacts: 0
  m_UseAutoMass: 0
  m_Mass: 1
  m_LinearDrag: 0
  m_AngularDrag: 0.05
  m_GravityScale: 1
  m_Material: {fileID: 0}
  m_Interpolate: 0
  m_SleepingMode: 1
  m_CollisionDetection: 0
  m_Constraints: 4
--- !u!95 &3684170773620625343
Animator:
  serializedVersion: 3
  m_ObjectHideFlags: 0
  m_CorrespondingSourceObject: {fileID: 0}
  m_PrefabInstance: {fileID: 0}
  m_PrefabAsset: {fileID: 0}
  m_GameObject: {fileID: 1820095794027870541}
  m_Enabled: 1
  m_Avatar: {fileID: 0}
  m_Controller: {fileID: 9100000, guid: ae3cf18524c1c0042b2ced58b64b1f8e, type: 2}
  m_CullingMode: 0
  m_UpdateMode: 0
  m_ApplyRootMotion: 0
  m_LinearVelocityBlending: 0
  m_WarningMessage: 
  m_HasTransformHierarchy: 1
  m_AllowConstantClipSamplingOptimization: 1
  m_KeepAnimatorControllerStateOnDisable: 0
--- !u!1 &1952934466418869131
GameObject:
  m_ObjectHideFlags: 0
  m_CorrespondingSourceObject: {fileID: 0}
  m_PrefabInstance: {fileID: 0}
  m_PrefabAsset: {fileID: 0}
  serializedVersion: 6
  m_Component:
  - component: {fileID: 7873866782632843948}
  - component: {fileID: 4753806714047805034}
  - component: {fileID: 5218354894448189691}
  - component: {fileID: 7291070839846858853}
  m_Layer: 5
  m_Name: mausen
  m_TagString: Untagged
  m_Icon: {fileID: 0}
  m_NavMeshLayer: 0
  m_StaticEditorFlags: 0
  m_IsActive: 1
--- !u!224 &7873866782632843948
RectTransform:
  m_ObjectHideFlags: 0
  m_CorrespondingSourceObject: {fileID: 0}
  m_PrefabInstance: {fileID: 0}
  m_PrefabAsset: {fileID: 0}
  m_GameObject: {fileID: 1952934466418869131}
  m_LocalRotation: {x: -0, y: -0, z: -0, w: 1}
  m_LocalPosition: {x: 0, y: 0, z: 0}
  m_LocalScale: {x: 5, y: 5, z: 1}
  m_Children:
  - {fileID: 8557264027102445614}
  m_Father: {fileID: 1820095794027870538}
  m_RootOrder: 1
  m_LocalEulerAnglesHint: {x: 0, y: 0, z: 0}
  m_AnchorMin: {x: 0, y: 0}
  m_AnchorMax: {x: 0, y: 0}
  m_AnchoredPosition: {x: 0.70000076, y: 3.65}
  m_SizeDelta: {x: 4.7256, y: 1.2274}
  m_Pivot: {x: 0.5, y: 0.5}
--- !u!223 &4753806714047805034
Canvas:
  m_ObjectHideFlags: 0
  m_CorrespondingSourceObject: {fileID: 0}
  m_PrefabInstance: {fileID: 0}
  m_PrefabAsset: {fileID: 0}
  m_GameObject: {fileID: 1952934466418869131}
  m_Enabled: 1
  serializedVersion: 3
  m_RenderMode: 2
  m_Camera: {fileID: 0}
  m_PlaneDistance: 100
  m_PixelPerfect: 0
  m_ReceivesEvents: 1
  m_OverrideSorting: 0
  m_OverridePixelPerfect: 0
  m_SortingBucketNormalizedSize: 0
  m_AdditionalShaderChannelsFlag: 0
  m_SortingLayerID: 0
  m_SortingOrder: 0
  m_TargetDisplay: 0
--- !u!114 &5218354894448189691
MonoBehaviour:
  m_ObjectHideFlags: 0
  m_CorrespondingSourceObject: {fileID: 0}
  m_PrefabInstance: {fileID: 0}
  m_PrefabAsset: {fileID: 0}
  m_GameObject: {fileID: 1952934466418869131}
  m_Enabled: 1
  m_EditorHideFlags: 0
  m_Script: {fileID: 11500000, guid: 0cd44c1031e13a943bb63640046fad76, type: 3}
  m_Name: 
  m_EditorClassIdentifier: 
  m_UiScaleMode: 0
  m_ReferencePixelsPerUnit: 100
  m_ScaleFactor: 1
  m_ReferenceResolution: {x: 800, y: 600}
  m_ScreenMatchMode: 0
  m_MatchWidthOrHeight: 0
  m_PhysicalUnit: 3
  m_FallbackScreenDPI: 96
  m_DefaultSpriteDPI: 96
  m_DynamicPixelsPerUnit: 1
  m_PresetInfoIsWorld: 1
--- !u!114 &7291070839846858853
MonoBehaviour:
  m_ObjectHideFlags: 0
  m_CorrespondingSourceObject: {fileID: 0}
  m_PrefabInstance: {fileID: 0}
  m_PrefabAsset: {fileID: 0}
  m_GameObject: {fileID: 1952934466418869131}
  m_Enabled: 1
  m_EditorHideFlags: 0
  m_Script: {fileID: 11500000, guid: dc42784cf147c0c48a680349fa168899, type: 3}
  m_Name: 
  m_EditorClassIdentifier: 
  m_IgnoreReversedGraphics: 1
  m_BlockingObjects: 0
  m_BlockingMask:
    serializedVersion: 2
    m_Bits: 4294967295
--- !u!1 &7780999710881858676
GameObject:
  m_ObjectHideFlags: 0
  m_CorrespondingSourceObject: {fileID: 0}
  m_PrefabInstance: {fileID: 0}
  m_PrefabAsset: {fileID: 0}
  serializedVersion: 6
  m_Component:
  - component: {fileID: 3903240427719972472}
  - component: {fileID: 3002849985369899267}
  - component: {fileID: 992065112100802720}
  m_Layer: 5
  m_Name: Border
  m_TagString: Untagged
  m_Icon: {fileID: 0}
  m_NavMeshLayer: 0
  m_StaticEditorFlags: 0
  m_IsActive: 1
--- !u!224 &3903240427719972472
RectTransform:
  m_ObjectHideFlags: 0
  m_CorrespondingSourceObject: {fileID: 0}
  m_PrefabInstance: {fileID: 0}
  m_PrefabAsset: {fileID: 0}
  m_GameObject: {fileID: 7780999710881858676}
  m_LocalRotation: {x: -0, y: -0, z: -0, w: 1}
  m_LocalPosition: {x: 0, y: 0, z: 0}
  m_LocalScale: {x: 1, y: 1, z: 1}
  m_Children: []
  m_Father: {fileID: 8557264027102445614}
  m_RootOrder: 1
  m_LocalEulerAnglesHint: {x: 0, y: 0, z: 0}
  m_AnchorMin: {x: 0, y: 0}
  m_AnchorMax: {x: 1, y: 1}
  m_AnchoredPosition: {x: 0, y: 0.012512207}
  m_SizeDelta: {x: 5, y: 6.25}
  m_Pivot: {x: 0.5, y: 0.5}
--- !u!222 &3002849985369899267
CanvasRenderer:
  m_ObjectHideFlags: 0
  m_CorrespondingSourceObject: {fileID: 0}
  m_PrefabInstance: {fileID: 0}
  m_PrefabAsset: {fileID: 0}
  m_GameObject: {fileID: 7780999710881858676}
  m_CullTransparentMesh: 0
--- !u!114 &992065112100802720
MonoBehaviour:
  m_ObjectHideFlags: 0
  m_CorrespondingSourceObject: {fileID: 0}
  m_PrefabInstance: {fileID: 0}
  m_PrefabAsset: {fileID: 0}
  m_GameObject: {fileID: 7780999710881858676}
  m_Enabled: 1
  m_EditorHideFlags: 0
  m_Script: {fileID: 11500000, guid: fe87c0e1cc204ed48ad3b37840f39efc, type: 3}
  m_Name: 
  m_EditorClassIdentifier: 
  m_Material: {fileID: 0}
  m_Color: {r: 1, g: 1, b: 1, a: 1}
  m_RaycastTarget: 1
  m_RaycastPadding: {x: 0, y: 0, z: 0, w: 0}
  m_Maskable: 1
  m_OnCullStateChanged:
    m_PersistentCalls:
      m_Calls: []
  m_Sprite: {fileID: 21300000, guid: c8bbd02a88c2bbc41b7d7e50ec7b2aa7, type: 3}
  m_Type: 0
  m_PreserveAspect: 0
  m_FillCenter: 1
  m_FillMethod: 4
  m_FillAmount: 1
  m_FillClockwise: 1
  m_FillOrigin: 0
  m_UseSpriteMesh: 0
  m_PixelsPerUnitMultiplier: 1
--- !u!1 &8718040445467056655
GameObject:
  m_ObjectHideFlags: 0
  m_CorrespondingSourceObject: {fileID: 0}
  m_PrefabInstance: {fileID: 0}
  m_PrefabAsset: {fileID: 0}
  serializedVersion: 6
  m_Component:
  - component: {fileID: 5398324685403895664}
  - component: {fileID: 4234967410356246553}
  - component: {fileID: 2219013158564705067}
  m_Layer: 5
  m_Name: Fill
  m_TagString: Untagged
  m_Icon: {fileID: 0}
  m_NavMeshLayer: 0
  m_StaticEditorFlags: 0
  m_IsActive: 1
--- !u!224 &5398324685403895664
RectTransform:
  m_ObjectHideFlags: 0
  m_CorrespondingSourceObject: {fileID: 0}
  m_PrefabInstance: {fileID: 0}
  m_PrefabAsset: {fileID: 0}
  m_GameObject: {fileID: 8718040445467056655}
  m_LocalRotation: {x: 0, y: 0, z: 0, w: 1}
  m_LocalPosition: {x: 0, y: 0, z: 0}
  m_LocalScale: {x: 1, y: 1, z: 1}
  m_Children: []
  m_Father: {fileID: 8557264027102445614}
  m_RootOrder: 0
  m_LocalEulerAnglesHint: {x: 0, y: 0, z: 0}
  m_AnchorMin: {x: 0, y: 0}
  m_AnchorMax: {x: 0, y: 0}
  m_AnchoredPosition: {x: 0, y: 0}
  m_SizeDelta: {x: 0, y: 0}
  m_Pivot: {x: 0.5, y: 0.5}
--- !u!222 &4234967410356246553
CanvasRenderer:
  m_ObjectHideFlags: 0
  m_CorrespondingSourceObject: {fileID: 0}
  m_PrefabInstance: {fileID: 0}
  m_PrefabAsset: {fileID: 0}
  m_GameObject: {fileID: 8718040445467056655}
  m_CullTransparentMesh: 0
--- !u!114 &2219013158564705067
MonoBehaviour:
  m_ObjectHideFlags: 0
  m_CorrespondingSourceObject: {fileID: 0}
  m_PrefabInstance: {fileID: 0}
  m_PrefabAsset: {fileID: 0}
  m_GameObject: {fileID: 8718040445467056655}
  m_Enabled: 1
  m_EditorHideFlags: 0
  m_Script: {fileID: 11500000, guid: fe87c0e1cc204ed48ad3b37840f39efc, type: 3}
  m_Name: 
  m_EditorClassIdentifier: 
  m_Material: {fileID: 0}
  m_Color: {r: 0.93725497, g: 0.058823533, b: 0.11764707, a: 1}
  m_RaycastTarget: 1
  m_RaycastPadding: {x: 0, y: 0, z: 0, w: 0}
  m_Maskable: 1
  m_OnCullStateChanged:
    m_PersistentCalls:
      m_Calls: []
  m_Sprite: {fileID: 0}
  m_Type: 0
  m_PreserveAspect: 0
  m_FillCenter: 1
  m_FillMethod: 4
  m_FillAmount: 1
  m_FillClockwise: 1
  m_FillOrigin: 0
  m_UseSpriteMesh: 0
  m_PixelsPerUnitMultiplier: 1
